<record><leader>00000cas a22000007a 4500</leader><controlfield tag="001">27120376</controlfield><controlfield tag="008">921214d19041904riuwn ne      0    0eng d</controlfield><datafield ind1=" " ind2=" " tag="010"><subfield code="a">sn 92064240 </subfield></datafield><datafield ind1=" " ind2=" " tag="040"><subfield code="a">RHN</subfield><subfield code="b">eng</subfield><subfield code="c">RHN</subfield><subfield code="d">OCLCQ</subfield></datafield><datafield ind1=" " ind2=" " tag="042"><subfield code="a">msc</subfield></datafield><datafield ind1="0" ind2="0" tag="245"><subfield code="a">Watch Hill topics.</subfield></datafield><datafield ind1=" " ind2=" " tag="260"><subfield code="a">Watch Hill, R.I. :</subfield><subfield code="b">James S. Hammond</subfield></datafield><datafield ind1=" " ind2=" " tag="300"><subfield code="a">v.</subfield></datafield><datafield ind1=" " ind2=" " tag="310"><subfield code="a">Weekly (July-Sept.)</subfield></datafield><datafield ind1="0" ind2=" " tag="362"><subfield code="a">Vol. 1, no. 1 (July 9, 1904)-v. 1, no. 9 (Sept. 3, 1904).</subfield></datafield><datafield ind1=" " ind2="4" tag="651"><subfield code="a">Westerly (R.I. : Town)</subfield><subfield code="v">Newspapers.</subfield></datafield><datafield ind1=" " ind2=" " tag="752"><subfield code="a">United States</subfield><subfield code="b">Rhode Island</subfield><subfield code="c">Washington</subfield><subfield code="d">Watch Hill.</subfield></datafield><datafield ind1="0" ind2="0" tag="785"><subfield code="t">Seaside topics (Watch Hill, R.I.)</subfield><subfield code="w">(DLC)sn 92064021</subfield></datafield><datafield ind1="1" ind2=" " tag="029"><subfield code="a">AU@</subfield><subfield code="b">000020749701</subfield></datafield></record>